@comment{x-kbibtex-personnameformatting=<%l><, %f>}

@inproceedings{pintools,
	abstract = "dblp",
	added-at = "2006-07-10T00:00:00.000+0200",
	author = "Luk, Chi-Keung and Cohn, Robert S. and Muth, Robert and Patil, Harish and Klauser, Artur and Lowney, P. Geoffrey and Wallace, Steven and Reddi, Vijay Janapa and Hazelwood, Kim M.",
	booktitle = "{PLDI}",
	crossref = "conf/pldi/2005",
	date = "2006-07-10",
	editor = "Sarkar, Vivek and Hall, Mary W.",
	interhash = "48504d18ccfe0eeea56f1d4db9006653",
	intrahash = "db4947be23b6a910a994164ff8dea6d5",
	isbn = "1-59593-056-6",
	keywords = "dblp",
	pages = "190--200",
	publisher = "ACM",
	title = "{Pin: building customized program analysis tools with dynamic instrumentation.}",
	url = "http://dblp.uni-trier.de/db/conf/pldi/pldi2005.html#LukCMPKLWRH05; http://doi.acm.org/10.1145/1065010.1065034; http://www.bibsonomy.org/bibtex/2db4947be23b6a910a994164ff8dea6d5/dblp",
	x-fetchedfrom = "Bibsonomy",
	year = 2005
}

@inproceedings{DP10,
	added-at = "2010-11-30T00:00:00.000+0100",
	author = "Debray, Saumya K. and Patel, Jay",
	booktitle = "{WCRE}",
	crossref = "conf/wcre/2010",
	editor = "Antoniol, Giuliano and Pinzger, Martin and Chikofsky, Elliot J.",
	interhash = "7af6a2ff26e240c61648935c5182197a",
	intrahash = "f2d504b2a039cd22022cbd765e0df52a",
	isbn = "978-0-7695-4123-5",
	keywords = "dblp",
	pages = "131--140",
	publisher = "IEEE Computer Society",
	title = "{Reverse Engineering Self-Modifying Code: Unpacker Extraction.}",
	url = "http://dblp.uni-trier.de/db/conf/wcre/wcre2010.html#DebrayP10; http://dx.doi.org/10.1109/WCRE.2010.22; http://www.bibsonomy.org/bibtex/2f2d504b2a039cd22022cbd765e0df52a/dblp",
	x-fetchedfrom = "Bibsonomy",
	year = 2010
}

@inproceedings{KDF09,
	added-at = "2010-01-05T00:00:00.000+0100",
	author = "Krishnamoorthy, Nithya and Debray, Saumya K. and Fligg, Keith",
	booktitle = "{WCRE}",
	crossref = "conf/wcre/2009",
	editor = "Antoniol, Giuliano and Pinzger, Martin and Chikofsky, Elliot J.",
	interhash = "c67c96d804bdf11c58d87e2db7ccb754",
	intrahash = "dae0e5239d51413d8a2c960b2026290b",
	isbn = "978-0-7695-4123-5",
	keywords = "dblp",
	pages = "259--268",
	publisher = "IEEE Computer Society",
	title = "{Static Detection of Disassembly Errors.}",
	url = "http://dblp.uni-trier.de/db/conf/wcre/wcre2009.html#KrishnamoorthyDF99a; http://doi.ieeecomputersociety.org/10.1109/WCRE.2009.16; http://www.bibsonomy.org/bibtex/2dae0e5239d51413d8a2c960b2026290b/dblp",
	x-fetchedfrom = "Bibsonomy",
	year = 2009
}

@inproceedings{KruegelRVV04,
	abstract = "dblp",
	added-at = "2006-09-18T00:00:00.000+0200",
	author = "Kr{\"u}gel, Christopher and Robertson, William K. and Valeur, Fredrik and Vigna, Giovanni",
	booktitle = "{USENIX Security Symposium}",
	crossref = "conf/uss/2004",
	date = "2006-09-18",
	interhash = "8cbb84143f1fc283f52e624413de345b",
	intrahash = "df8650cc32e0335daa9a1325ecf8a8ea",
	keywords = "dblp",
	pages = "255--270",
	publisher = "USENIX",
	title = "{Static Disassembly of Obfuscated Binaries.}",
	url = "http://dblp.uni-trier.de/db/conf/uss/uss2004.html#KruegelRVV04; http://www.usenix.org/publications/library/proceedings/sec04/tech/kruegel.html; http://www.bibsonomy.org/bibtex/2df8650cc32e0335daa9a1325ecf8a8ea/dblp",
	x-fetchedfrom = "Bibsonomy",
	year = 2004
}

@inproceedings{JLH13,
	author = "J{\"a}mthagen, Christopher and Lantz, Patrik and Hell, Martin",
	journal = "Workshop on Anti-malware Testing Research (WATeR), 2013",
	title = "{A new instruction overlapping technique for anti-disassembly and obfuscation of x86 binaries }",
	year = "2013"
}

@online{FSabatier_SShevchenko,
	author = "Shevchenko, Sergei",
	note = "\url{http://baesystemsdetica.blogspot.fr/2012/03/actually-my-name-is-duqu-stuxnet-is-my\_4108.html}",
	title = "{Actually, my name is Duqu - Stuxnet is my middle name}"
}

@article{AThierry_BKM08,
	affiliation = "{CARTE} - {INRIA} {L}orraine - {LORIA} - {CNRS} : {UMR}7503 - {INRIA} - {U}niversit{\'e} {H}enri {P}oincar{\'e} - {N}ancy {I} - {U}niversit{\'e} {N}ancy {II} - {I}nstitut {N}ational {P}olytechnique de {L}orraine",
	audience = "internationale",
	author = "{B}onfante, Guillaume and {K}aczmarek, Matthieu and {M}arion, Jean-Yves",
	doi = "10.1007/s11416-008-0102-4",
	hal_id = "inria-00330022",
	journal = "{J}ournal in {C}omputer {V}irology",
	keywords = "malware; detection; control flow graph; signature; mutations",
	language = "{A}nglais",
	pages = "263--270",
	publisher = "{S}pringer-{V}erlag",
	title = "{{A}rchitecture of a {M}orphological {M}alware {D}etector}",
	url = "http://hal.inria.fr/inria-00330022/en",
	url1 = "http://hal.inria.fr/inria-00330022/PDF/flowgraph.pdf",
	volume = "5",
	year = "2009"
}

@cve{AThierry_CVETrueType,
	note = "\url{http://www.cve.mitre.org/cgi-bin/cvename.cgi?name=CVE-2011-3402}",
	title = "{CVE-2011-3402}",
	type = "CVE"
}

@article{AThierry_MAL12,
	abstract = "{Reverse-engineering malware code is a difficult task, usually full of the traps put by the malware writers. Since the quality of defense softwares depends largely on the analysis of the malware, it becomes crucial to help the software investigators with automatic tools. We describe and present a tool which synchronizes two related binary programs. Our tool finds some common machine instructions between two programs and may display the correspondence instruction by instruction in IDA. Experiments were performed on many malware such as stuxnet, duqu, sality or waledac. We have rediscovered some of the links between duqu and stuxnet, and we point out OpenSSL's use within waledac.}",
	affiliation = "CARTE - INRIA Nancy - Grand Est / LORIA",
	audience = "internationale",
	author = "Bonfante, Guillaume and Marion, Jean-Yves and Sabatier, Fabrice and Thierry, Aur{\'e}lien",
	hal_id = "hal-00764286",
	journal = "7th International Conference on Malicious and Unwanted Software (Malware 2012)",
	language = "Anglais",
	month = oct,
	pdf = "http://hal.inria.fr/hal-00764286/PDF/malware2012.pdf",
	publisher = "IEEE Xplore",
	title = "{Code synchronization by morphological analysis}",
	url = "http://hal.inria.fr/hal-00764286",
	year = "2012"
}

@misc{AThierry_CrysysDuquStuxnet,
	annote = "Rapport inclus dans la r{\'e}f{\'e}rence SymantecDuqu2011",
	author = "(CrySyS), Laboratory of Cryptography of Systems Security",
	date-added = "2012-01-23 06:51:09 +0100",
	date-modified = "2012-01-23 13:30:15 +0100",
	month = "October",
	title = "{Duqu: A Stuxnet-like malware found in the wild}",
	url = "http://www.crysys.hu/publications/files/bencsathPBF11duqu.pdf",
	year = "2011"
}

@online{AThierry_IDADecompiler,
	note = "\url{http://www.hex-rays.com/products/decompiler/index.shtml}",
	title = "{Hex-Rays Decompiler}"
}

@online{FSabatier_DriverLoadOrder,
	editor = "Microsoft",
	note = "\url{http://support.microsoft.com/kb/115486}",
	title = "{How To Control Device Driver Load Order}"
}

@article{AThierry_REAT12,
	author = "Thierry, Aurelien and Bonfante, Guillaume and Calvet, Joan and Marion, Jean-Yves and Sabatier, Fabrice",
	journal = "REcon",
	title = "{Recognition of binary patterns by Morphological analysis}",
	year = "2012"
}

@online{AThierry_ThabetDriver,
	author = "Thabet, Amr",
	month = jan,
	note = "\url{http://amrthabet.blogspot.fr/2011/01/reversing-stuxnets-rootkit-mrxnet-into.html}",
	title = "{ Reversing Stuxnet's Rootkit (MRxNet) Into C++}",
	year = "2011"
}

@online{AThierry_KaspDuqu10,
	author = "Kaspersky",
	month = mar,
	note = "\url{https://www.securelist.com/en/blog/208193425/The\_mystery\_of\_Duqu\_Part\_Ten}",
	title = "{ The mystery of Duqu: Part Ten}",
	year = "2012"
}

@misc{AThierry_SymantecDuqu2011,
	author = "Symantec",
	date-added = "2012-01-21 10:33:20 +0100",
	date-modified = "2012-01-23 13:16:19 +0100",
	institution = "Symantec",
	month = "October",
	read = "1",
	title = "{W32.Duqu: The Precursor to the Next Stuxnet}",
	url = "http://www.symantec.com/connect/w32_duqu_precursor_next_stuxnet",
	year = "2011"
}

